<record><leader>00000cas a22000007a 4500</leader><controlfield tag="001">11209564</controlfield><controlfield tag="008">840928d18471856nyuwr ne      0    0eng d</controlfield><datafield ind1=" " ind2=" " tag="010"><subfield code="a">sn 84031684 </subfield></datafield><datafield ind1=" " ind2=" " tag="040"><subfield code="a">NYG</subfield><subfield code="b">eng</subfield><subfield code="c">NYG</subfield><subfield code="d">DLC</subfield><subfield code="d">NPX</subfield><subfield code="d">NYS</subfield><subfield code="d">OCL</subfield><subfield code="d">OCLCQ</subfield><subfield code="d">OCLCF</subfield><subfield code="d">OCLCO</subfield></datafield><datafield ind1=" " ind2=" " tag="042"><subfield code="a">msc</subfield></datafield><datafield ind1=" " ind2=" " tag="043"><subfield code="a">n-us-ny</subfield></datafield><datafield ind1="0" ind2="0" tag="245"><subfield code="a">Ballston Democratic Whig journal.</subfield></datafield><datafield ind1="1" ind2="3" tag="246"><subfield code="a">Ballston journal</subfield></datafield><datafield ind1=" " ind2=" " tag="260"><subfield code="a">Ballston Spa [N.Y.] :</subfield><subfield code="b">Comstock &amp; Nodyne</subfield></datafield><datafield ind1=" " ind2=" " tag="300"><subfield code="a">v. ;</subfield><subfield code="c">59 cm.</subfield></datafield><datafield ind1=" " ind2=" " tag="310"><subfield code="a">Weekly</subfield></datafield><datafield ind1="1" ind2=" " tag="362"><subfield code="a">Began in Apr. 1847?</subfield></datafield><datafield ind1="0" ind2=" " tag="362"><subfield code="a">-v. 9, no. 52 (Apr. 8, 1856) = -whole no. 468.</subfield></datafield><datafield ind1=" " ind2=" " tag="500"><subfield code="a">Publishers: Comstock &amp; Nodyne, &lt;Apr. 27, 1847&gt;; Albert A. Moor, &lt;Aug. 7, 1847&gt;; J.O. Nodyne &amp; A.A. Moor, Dec. 7, 1847-Nov. 28, 1848; Albert A. Moor, Dec. 5, 1848-Apr. 8, 1856.</subfield></datafield><datafield ind1=" " ind2=" " tag="588"><subfield code="a">Description based on: Vol. 1, no. 2 (Apr. 27, 1847).</subfield></datafield><datafield ind1=" " ind2="0" tag="651"><subfield code="a">Ballston Spa (N.Y.)</subfield><subfield code="v">Newspapers.</subfield></datafield><datafield ind1=" " ind2="7" tag="655"><subfield code="a">Newspapers.</subfield><subfield code="2">fast</subfield><subfield code="0">(OCoLC)fst01423814</subfield></datafield><datafield ind1=" " ind2="7" tag="651"><subfield code="a">New York (State)</subfield><subfield code="z">Ballston Spa.</subfield><subfield code="2">fast</subfield><subfield code="0">(OCoLC)fst01220520</subfield></datafield><datafield ind1=" " ind2=" " tag="752"><subfield code="a">United States</subfield><subfield code="b">New York</subfield><subfield code="c">Saratoga</subfield><subfield code="d">Ballston Spa.</subfield></datafield><datafield ind1="0" ind2="0" tag="780"><subfield code="t">Ballston Spa gazette</subfield><subfield code="w">(DLC)sn 83030797</subfield></datafield><datafield ind1="0" ind2="0" tag="785"><subfield code="t">Ballston journal (Ballston Spa, N.Y. : 1856)</subfield><subfield code="w">(DLC)sn 83030795</subfield></datafield></record>